%Reference List:

@article{StevensOlsen1999,
	author = "Stevens, {D.L., Jr.} and Olsen, A.~R.",
	year = "1999",
	title = "Spatially restricted surveys over time for aquatic resources",
	journal = "Journal of Agricultural, Biological, and Environmental Statistics",
	volume = "4",
	number = "4",
	pages = "415--428"
}
\\

@article{Stevens1997,
	title="Variable density grid-based sampling designs for continuous spatial populations",
	author="Stevens, {D. L., Jr.}",
	journal="Environmetrics",
	volume="8",
	number="3",
	pages="167--195",
	year="1997",
	publisher="Wiley Online Library"
}
\\

@article{StevensOlsen2003,
	title={Variance estimation for spatially balanced samples of environmental resources},
	author={Stevens, {D. L., Jr.} and Olsen, A.~R.},
	journal="Environmetrics",
	volume="14",
	number="6",
	pages="593--610",
	year="2003",
}
\\

@article{RaoGraham1964,
	title="Rotation designs for sampling on repeated occasions",
	author="Rao, J.~N.~K. and Graham, J.~E.",
	journal="Journal of the American Statistical Association",
	volume="59",
	number="306",
	pages="492--509",
	year="1964"
}
\\

@article{Skalski1990,
	title="A design for long-term status and trends monitoring",
	author="Skalski, J.~R.",
	journal="Journal of Environmental Management",
	volume="30",
	number="2",
	pages="139--144",
	year="1990",
}
\\

@article{LarsenOlsenStevens2008,
	title="Using a master sample to integrate stream monitoring programs",
	author="Larsen, D.~P. and Olsen, A.~R. and Stevens, {D. L., Jr.}",
	journal="Journal of Agricultural, Biological, and Environmental Statistics",
	volume="13",
	number="3",
	pages="243--254",
	year="2008"
}
\\

@article{StevensOlsen2004,
	title={Spatially balanced sampling of natural resources},
	author={Stevens, {D. L., Jr.} and Olsen, A.~R.},
	journal={Journal of the American Statistical Association},
	volume={99},
	number={465},
	pages={262--278},
	year={2004},
	publisher={Taylor \& Francis}
}
\\
@article{Legg2006,
	title={Why most conservation monitoring is, but need not be, a waste of time},
	author={Legg, C.~J. and Nagy, L.},
	journal={Journal of environmental management},
	volume={78},
	number={2},
	pages={194--199},
	year={2006},
	publisher={Elsevier}
}
\\
@article{Nichols2006,
	title={Monitoring for conservation},
	author={Nichols, J.~D. and Williams, B.~K.},
	journal={Trends in ecology \& evolution},
	volume={21},
	number={12},
	pages={668--673},
	year={2006},
	publisher={Elsevier}
}
\\
@article{Peterson1999,
	title={Sample representativeness: a must for reliable regional lake condition estimates},
	author={Peterson, S.~A. and Urquhart, N.~S. and Welch, E.~B.},
	journal={Environmental science \& technology},
	volume={33},
	number={10},
	pages={1559--1565},
	year={1999},
	publisher={ACS Publications}
}
\\
@article{Reynolds2016,
	title={A road map for designing and implementing a biological monitoring program},
	author={Reynolds, J.~H. and Knutson, M.~G. and Newman, K.~B. and Silverman, E.~D. and Thompson, W.~L.},
	journal={Environmental Monitoring and Assessment},
	volume={188},
	number={7},
	pages={1--25},
	year={2016},
	publisher={Springer}
}
\\
@article{Field2007,
	title={Making monitoring meaningful},
	author={Field, S.~A. and {O'Connor}, P.~J. and Tyre, A.~J. and Possingham, H.~P.},
	journal={Austral Ecology},
	volume={32},
	number={5},
	pages={485--491},
	year={2007},
	publisher={Wiley Online Library}
}
\\
@article{King1945,
	title={The Master Sample of agriculture: I. Development and use},
	author={King, A.~J.},
	journal={Journal of the American Statistical Association},
	volume={40},
	number={229},
	pages={38--45},
	year={1945},
	publisher={Taylor \& Francis Group}
}
\\
@article{Robertson2013,
	title={{BAS}: Balanced acceptance sampling of natural resources},
	author={Robertson, B.~L. and Brown, J.~A. and McDonald, T. and Jaksons, P.},
	journal={Biometrics},
	volume={69},
	number={3},
	pages={776--784},
	year={2013},
	publisher={Wiley Online Library}
}
\\
@article{Mcdonald2003,
	title={Review of environmental monitoring methods: survey designs},
	author={McDonald, T.~L.},
	journal={Environmental monitoring and assessment},
	volume={85},
	number={3},
	pages={277--292},
	year={2003},
	publisher={Springer}
}
\\
@article{Yoccoz2001,
	title={Monitoring of biological diversity in space and time},
	author={Yoccoz, N.~G. and Nichols, J.~D. and Boulinier, T.},
	journal={Trends in Ecology \& Evolution},
	volume={16},
	number={8},
	pages={446--453},
	year={2001},
	publisher={Elsevier}
}
\\
@article{Grafstrom2012,
	title={Spatially balanced sampling through the pivotal method},
	author={Grafstr{\"o}m, A. and Lundstr{\"o}m, N.~L.~P. and Schelin, L.},
	journal={Biometrics},
	volume={68},
	number={2},
	pages={514--520},
	year={2012},
	publisher={Wiley Online Library}
}
\\
@article{Grafstrom2013,
  title={Why well spread probability samples are balanced},
  author={Grafstr{\"o}m, Anton and Lundstr{\"o}m, Niklas LP},
  journal={Open Journal of Statistics},
  volume={3},
  number={1},
  pages={36--41},
  year={2013},
  publisher={Scientific Research Publishing}
}
\\
@article{Grafstrom2014,
  title={Efficient sampling strategies for forest inventories by spreading the sample in auxiliary space},
  author={Grafstr{\"o}m, Anton and Saarela, Svetlana and Ene, Liviu Theodor},
  journal={Canadian Journal of Forest Research},
  volume={44},
  number={10},
  pages={1156--1164},
  year={2014},
  publisher={NRC Research Press}
}
\\
  @Manual{R,
  	title = {R: A Language and Environment for Statistical Computing},
  	author = {{R Core Team}},
  	organization = {R Foundation for Statistical Computing},
  	address = {Vienna, Austria},
  	year = {2015},
  	howpublished = {\url{http://www.R-project.org/}}
  }
  \\
  @book{Gitzen2012,
  	title={Design and analysis of long-term ecological monitoring studies},
  	author={Gitzen, R.~A.},
  	year={2012},
  	publisher={Cambridge University Press}
  }
  \
  @article{Vos2000,
  	title={A framework for the design of ecological monitoring programs as a tool for environmental and nature management},
  	author={Vos, P. and Meelis, E. and Ter Keurs, W.~J.},
  	journal={Environmental monitoring and assessment},
  	volume={61},
  	number={3},
  	pages={317--344},
  	year={2000},
  	publisher={Springer}
  }
  \\
  @misc{DOC,
  	author = {{Department of Conservation}},
	year = {2016},
  	title = {Monitoring species and habitats in terrestrial, freshwater and marine environments},
  	howpublished = {\url{http://www.doc.govt.nz/our-work/biodiversity-inventory-and-monitoring/}},
  	note = {Accessed: 2016-09-29}
  }
  \\
  @Article{sp1,
   	author = {Edzer J. Pebesma and Roger S. Bivand},
   	title = {Classes and methods for spatial data in {R}},
   	journal = {R News}, 
   	year = {2005},
   	volume = {5},
   	number = {2},
  	pages = {9--13},
   	month = {November},
   	url = {http://CRAN.R-project.org/doc/Rnews/},
   }
   \\
 @Book{sp2,
   author = {Roger S. Bivand and Edzer Pebesma and Virgilio
   Gomez-Rubio},
   title = {Applied spatial data analysis with {R}, Second edition},
   year = {2013},
   publisher = {Springer, NY},
   url = {http://www.asdar-book.org/},
  }
  \\
  @article{Coomes2002,
  	title={Designing systems to monitor carbon stocks in forests and shrublands},
  	author={Coomes, D.~A. and Allen, R.~B. and Scott, N.~A. and Goulding, C. and Beets, P.},
  	journal={Forest Ecology and Management},
  	volume={164},
  	number={1},
  	pages={89--108},
  	year={2002},
  	publisher={Elsevier}
  }
  \\
 @Manual{spsurvey,
 	title = {spsurvey: Spatial Survey Design and Analysis},
    author = {Kincaid, T.~M. and Olsen, A.~R.},
    year = {2016},
    note = {R package version 3.3},
 }
\\
@article{Foster2017,
  title={Spatially-Balanced Designs that Incorporate Legacy Sites},
  author={Foster, Scott D and Hosack, Geoffrey R and Lawrence, Emma and Przeslawski, Rachel and Hedge, Paul and Caley, M Julian and Barrett, Neville S and Williams, Alan and Li, Jin and Lynch, Tim and others},
  year={2017},
  journal={Methods in Ecology and Evolution},
  publisher={Wiley Online Library}
}
\\
  @Manual{MBHdesign,
    title = {MBHdesign: Spatial Designs for Ecological and Environmental Surveys},
    author = {Scott D. Foster},
    year = {2016},
    note = {R package version 1.0.61},
    url = {https://CRAN.R-project.org/package=MBHdesign},
  }
\\
  @Article{simr,
  	title = {simr: an R package for power analysis of generalised linear mixed models by simulation},
  	author = {Peter Green and Catriona J. MacLeod},
  	journal = {Methods in Ecology and Evolution},
  	volume = {7},
  	number = {4},
  	pages = {493--498},
  	year = {2016},
  	doi = {10.1111/2041-210X.12504},
  	url = {https://CRAN.R-project.org/package=simr},
  }
\\
@article{Halton1960,
  title={On the efficiency of certain quasi-random sequences of points in evaluating multi-dimensional integrals},
  author={Halton, John H},
  journal={Numerische Mathematik},
  volume={2},
  number={1},
  pages={84--90},
  year={1960},
  publisher={Springer}
}
\\
@article{Robertson2017,
  title={A modification of balanced acceptance sampling},
  author={Robertson, BL and McDonald, T and Price, CJ and Brown, JA},
  journal={Statistics \& Probability Letters},
  year={2017},
  publisher={Elsevier}
}
\\
@article{Wang2000,
  title={Randomized halton sequences},
  author={Wang, Xiaoqun and Hickernell, Fred J},
  journal={Mathematical and Computer Modelling},
  volume={32},
  number={7-8},
  pages={887--899},
  year={2000},
  publisher={Elsevier}
}
\\

@article{Urquhart1999,
	title={Designs for detecting trend from repeated surveys of ecological resources},
	author={Urquhart, N Scott and Kincaid, Thomas M},
	journal={Journal of Agricultural, Biological, and Environmental Statistics},
	pages={404--414},
	year={1999},
	publisher={JSTOR}
}

  @misc{DOCIOO,
  	author = {{Department of Conservation}},
	year = {2013},
  	title = {Statement of intent 2012--2017},
  	howpublished = {\url{http://www.doc.govt.nz/Documents/about-doc/statement-of-intent-2012-2017/statement-of-intent-2013-2017.pdf}},
  	note = {Accessed: 2017-09-26}
  }

@article{theobald2016,
	title={A General-Purpose Spatial Survey Design for Collaborative Science and Monitoring of Global Environmental Change: The Global Grid},
	author={Theobald, David M},
	journal={Remote Sensing},
	volume={8},
	number={10},
	pages={813},
	year={2016},
	publisher={Multidisciplinary Digital Publishing Institute}
}

@article{theobald2007,
	title={Using GIS to generate spatially balanced random survey designs for natural resource applications},
	author={Theobald, David M and Stevens, Don L and White, Denis and Urquhart, N Scott and Olsen, Anthony R and Norman, John B},
	journal={Environmental Management},
	volume={40},
	number={1},
	pages={134--146},
	year={2007},
	publisher={Springer}
}